<?xml version="1.0" encoding="UTF-8"?><collection xmlns="http://www.loc.gov/MARC21/slim"><record><leader>00450nam--2200133-i-4500</leader><controlfield tag="001">000012149</controlfield><controlfield tag="002">20161230</controlfield><controlfield tag="005">20161230201029</controlfield><controlfield tag="008">060222s1000------------r-----000-0-eng-d</controlfield><datafield ind1=" " ind2=" " tag="080"><subfield code="a">519.687.5:519.688:62</subfield></datafield><datafield ind1=" " ind2=" " tag="100"><subfield code="a">Stelian Dumitrescu, Ion I.Dumitrescu, Vasile Marinoiu Si Mihai Florovici</subfield></datafield><datafield ind1=" " ind2=" " tag="245"><subfield code="a">Aplicatii ingineresti ale calculatoarelor. calculatoare de proces</subfield></datafield><datafield ind1=" " ind2=" " tag="260"><subfield code="a">Bucuresti, Editura Didactica Si Pedagogica, 1977 262 P</subfield></datafield><datafield ind1=" " ind2=" " tag="852"><subfield code="a">44701</subfield></datafield></record></collection>